%%%%
% BIBTEX 
%%%%

%
%%%%%%%%%%%%%%%%%%%%%%%%%%%%%%%%%%%%%%  Overview  %%%%%%%%%%%%%%%%%%%%%%%%%%%%%%%%%%%%%%%%%%%%%%%
%

@article{gallego1994optimal,
  title={Optimal dynamic pricing of inventories with stochastic demand over finite horizons},
  author={Gallego, Guillermo and Van Ryzin, Garrett},
  journal={Management science},
  volume={40},
  number={8},
  pages={999--1020},
  year={1994},
  publisher={INFORMS}
}

@article{Akaike1974,
  title={A new look at the statistical model identification},
  author={Akaike, Hirotugu},
  journal={IEEE Transactions on Automatic Control},
  volume={19},
  number={6},
  pages={716-723},
  year={1974},
  publisher={IEEE}
}

%
%%%%%%%%%%%%%%%%%%%%%%%%%%%%%%%%%%%%%%  Pricing Competition  %%%%%%%%%%%%%%%%%%%%%%%%%%%%%%%%%%%%%%%%%%%%%%%
%

@article{uflacker2016ertragsmanagement,
  title={Ertragsmanagement im Wandel--Potentiale der In-MemoryTechnologie},
  author={Uflacker, Matthias and Schlosser, Rainer and Meinel, Christoph},
  journal={Handel 4.0: Die Digitalisierung des Handels-Strategien, Technologien, Transformation},
  pages={177},
  year={2016},
  publisher={Springer-Verlag}
}

@article{schlosser2016optimal,
  title={Optimal Price Reaction Strategies in the Presence of Active and Passive Competitors},
  author={Schlosser, Rainer and Boissier, Martin},
  year={2016}
}

@article{schlosser2016stochastic,
  title={Stochastic dynamic multi-product pricing with dynamic advertising and adoption effects},
  author={Schlosser, Rainer},
  journal={Journal of Revenue and Pricing Management},
  volume={15},
  number={2},
  pages={153--169},
  year={2016},
  publisher={Springer}
}

@article{schlosser2016survive,
  title={How to Survive Dynamic Pricing Competition in E-commerce},
  author={Schlosser, Rainer and Boissier, Martin and Schober, Andre and Uflacker, Matthias},
  year={2016}
}

%
%%%%%%%%%%%%%%%%%%%%%%%%%%%%%%%%%%%%%%  Logit  %%%%%%%%%%%%%%%%%%%%%%%%%%%%%%%%%%%%%%%%%%%%%%%
%
@book{hosmer2013applied,
  title={Applied logistic regression},
  author={Hosmer Jr, David W and Lemeshow, Stanley and Sturdivant, Rodney X},
  volume={398},
  year={2013},
  publisher={John Wiley \& Sons}
}

